21200000         20394105200015029                  00001 0000009474544 ALIBEM ALIMENTOS S/A          BANCO ORIGINAL                          114092018000000001212100                                                                          
21200011C2041045 203941052000150                    00001 0000009474544 ALIBEM ALIMENTOS S/A                                                                                                                                                    
2120001300001A0     21200001 0000000659657 WOW NUTRITION IND E COM S/A   12121               14092018BRL               000000000020000                                                                     023388230001572                      
2120001300002A0     21200001 0000000659657 WOW NUTRITION IND E COM S/A   12122               17092018BRL               000000000050000                                                                     023388230001572                      
2120001300003A0     34109649 0000000797122 Cliente 1                     12123               14092018BRL               000000000030000                                                                     000896627338681 10                   
2120001300004A0     03302050 0000001000883 Cliente 2                     12124               17092018BRL               000000000040000                                                                     000896627338681 10                   
2120001300005A0     21200001 0004400000078 Gustavo Encerrada             12125               14092018BRL               000000000010000                                                                     000451384171001                      
21200015         000007000000000000150000                                                                                                                                                                                                       
21299999         000001000009                                                                                                                                                                                                                   
